@article{nassibi2023,
  author  = {Nassibi, Yassine and others},
  title   = {Demand Forecasting Models for Food Industry by Utilizing Machine Learning Approaches},
  journal = {International Journal of Food Engineering},
  year    = {2023},
  url     = {https://www.researchgate.net/publication/369813017_Demand_Forecasting_Models_for_Food_Industry_by_Utilizing_Machine_Learning_Approaches}
}

@article{ni2022,
  author  = {Ni, Jing and others},
  title   = {Logistics Demand Forecast of Fresh Food E-Commerce Based on Bi-LSTM Model},
  journal = {Procedia Computer Science},
  year    = {2022},
  url     = {https://www.researchgate.net/publication/363619597_Logistics_Demand_Forecast_of_Fresh_Food_E-Commerce_Based_on_Bi-LSTM_Model}
}

@article{jordan2015,
  author  = {Jordan, Michael I. and Mitchell, Tom M.},
  title   = {Machine Learning: Trends, Perspectives, and Prospects},
  journal = {Science},
  volume  = {349},
  number  = {6245},
  pages   = {255--260},
  year    = {2015},
  doi     = {10.1126/science.aaa8415}
}

@misc{mccarthy1955,
  author       = {McCarthy, John and Minsky, Marvin L. and Rochester, Nathan and Shannon, Claude E.},
  title        = {A Proposal for the Dartmouth Summer Research Project on Artificial Intelligence},
  year         = {1955},
  howpublished = {Manuscript}
}

@misc{rolnick2019,
  author       = {Rolnick, David and Donti, Priya and Kaack, Lisa and Kochanski, Greg and Lacoste, Alexandre and Sankaran, Karthik and Bengio, Yoshua},
  title        = {Tackling Climate Change with Machine Learning},
  year         = {2019},
  howpublished = {\url{https://arxiv.org/abs/1906.05433}}
}

@book{russell2021,
  author    = {Russell, Stuart and Norvig, Peter},
  title     = {Artificial Intelligence: A Modern Approach},
  edition   = {4},
  publisher = {Pearson},
  year      = {2021}
}

@article{bandara2020,
  author  = {Bandara, Kasun and Bergmeir, Christoph and Hewamalage, Hansika},
  title   = {LSTM-MSNet: Leveraging Forecasts on Sets of Related Time Series with Multiple Seasonal Patterns},
  journal = {Pattern Recognition},
  volume  = {108},
  pages   = {107556},
  year    = {2020},
  doi     = {10.1016/j.patcog.2020.107556}
}

@book{chatfield2004,
  author    = {Chatfield, Chris},
  title     = {The Analysis of Time Series: An Introduction},
  edition   = {6},
  publisher = {CRC Press},
  year      = {2004}
}

@article{brown2020,
  author  = {Brown, Tom B. and Mann, Benjamin and Ryder, Nick and Subbiah, Melanie and Kaplan, Jared and Dhariwal, Prafulla and Amodei, Dario},
  title   = {Language Models are Few-Shot Learners},
  journal = {Advances in Neural Information Processing Systems},
  volume  = {33},
  pages   = {1877--1901},
  year    = {2020},
  url     = {https://arxiv.org/abs/2005.14165}
}

@misc{openai2023,
  author       = {OpenAI},
  title        = {GPT-4 Technical Report},
  year         = {2023},
  howpublished = {\url{https://arxiv.org/abs/2303.08774}}
}

@article{touvron2023,
  author  = {Touvron, Hugo and Lavril, Thibaut and Izacard, Gautier and others},
  title   = {LLaMA 2: Open Foundation and Fine-Tuned Chat Models},
  journal = {arXiv preprint},
  year    = {2023},
  url     = {https://arxiv.org/abs/2307.09288}
}

@inproceedings{vaswani2017,
  author    = {Vaswani, Ashish and Shazeer, Noam and Parmar, Niki and Uszkoreit, Jakob and Jones, Llion and Gomez, Aidan N. and Kaiser, \L{}ukasz and Polosukhin, Illia},
  title     = {Attention Is All You Need},
  booktitle = {Advances in Neural Information Processing Systems},
  volume    = {30},
  year      = {2017},
  url       = {https://arxiv.org/abs/1706.03762}
}

@article{knote2021,
  author  = {Knote, Robert and Janson, Andreas},
  title   = {The Role of Conversational Agents in Data-Driven Decision-Making: An Empirical Investigation of a Chatbot-Based Interface for Business Analytics},
  journal = {Decision Support Systems},
  volume  = {146},
  pages   = {113528},
  year    = {2021},
  doi     = {10.1016/j.dss.2021.113528}
}

@article{radziwill2017,
  author  = {Radziwill, Nicole M. and Benton, Morgan C.},
  title   = {Evaluating Quality of Chatbots and Intelligent Conversational Agents},
  journal = {Journal of Intelligent \& Robotic Systems},
  volume  = {88},
  pages   = {345--356},
  year    = {2017},
  doi     = {10.1007/s10846-017-9754-7}
}

@article{shum2018,
  author  = {Shum, Heung-Yeung and He, XiaoDong and Li, Di},
  title   = {From Eliza to XiaoIce: Challenges and Opportunities with Social Chatbots},
  journal = {Frontiers of Information Technology \& Electronic Engineering},
  volume  = {19},
  number  = {1},
  pages   = {10--26},
  year    = {2018},
  doi     = {10.1631/FITEE.1700826}
}

@book{gustavsson2011,
  author    = {Gustavsson, Jenny and Cederberg, Christel and Sonesson, Ulf and van Otterdijk, Robert and Meybeck, Alexandre},
  title     = {Global Food Losses and Food Waste: Extent, Causes and Prevention},
  publisher = {FAO},
  year      = {2011},
  url       = {https://www.fao.org/3/mb060e/mb060e.pdf}
}

@techreport{refed2016,
  author       = {ReFED},
  title        = {A Roadmap to Reduce U.S. Food Waste by 20 Percent},
  year         = {2016},
  institution  = {ReFED},
  url          = {https://refed.org/downloads/ReFED_Report_2016.pdf}
}

@techreport{weteam2021,
  author       = {{We Team}, Consumer Goods Forum and GS1 Argentina},
  title        = {Desperdicio de alimentos en supermercados y autoservicios de Argentina: causas y estimaciones},
  year         = {2021},
  doi          = {10.18235/0003045}
}

@article{codd1970,
  author  = {Codd, Edgar F.},
  title   = {A Relational Model of Data for Large Shared Data Banks},
  journal = {Communications of the ACM},
  volume  = {13},
  number  = {6},
  pages   = {377--387},
  year    = {1970},
  doi     = {10.1145/362384.362685}
}

@book{coronel2020,
  author    = {Coronel, Carlos and Morris, Steven and Rob, Peter},
  title     = {Database Systems: Design, Implementation, and Management},
  edition   = {13},
  publisher = {Cengage Learning},
  year      = {2020}
}

@article{johnson2019,
  author  = {Johnson, Jeff and Douze, Matthijs and Jégou, Hervé},
  title   = {Billion-Scale Similarity Search with GPUs},
  journal = {IEEE Transactions on Big Data},
  volume  = {7},
  number  = {3},
  pages   = {535--547},
  year    = {2019},
  doi     = {10.1109/TBDATA.2019.2921572}
}

@techreport{bid2020,
  author       = {Banco Interamericano de Desarrollo},
  title        = {Transformación Digital de las MIPYMES en América Latina},
  year         = {2020},
  institution  = {BID},
  url          = {https://publications.iadb.org/publications/spanish/document/Transformacion-digital-de-las-MIPYMES-en-America-Latina-Experiencias-del-Sector-Privado.pdf}
}

@article{jordao2022,
  author  = {Jordão, Ricardo V. D. and Novas, João C.},
  title   = {Digital Transformation in Small and Medium-Sized Enterprises: A Systematic Literature Review},
  journal = {Journal of Small Business Management},
  volume  = {62},
  number  = {3},
  pages   = {1--27},
  year    = {2022},
  doi     = {10.1080/00472778.2022.2036952}
}

@misc{oecd2021,
  author       = {OECD},
  title        = {The Digital Transformation of SMEs},
  howpublished = {OECD Studies on SMEs and Entrepreneurship},
  year         = {2021},
  doi          = {10.1787/bdb9256a-en}
}

@misc{vasconez2025,
  author       = {Vasconez Gaona, N. D.},
  title        = {Digitalización de la contabilidad en PYMES: Una aproximación teórica},
  year         = {2025},
  note         = {Working paper}
}

@misc{onu2015,
  author       = {Organización de las Naciones Unidas},
  title        = {Transformar nuestro mundo: la Agenda 2030 para el Desarrollo Sostenible},
  year         = {2015},
  url          = {https://www.un.org/sustainabledevelopment/es/objetivos-de-desarrollo-sostenible/}
}

@techreport{unep2021,
  author       = {UNEP},
  title        = {UNEP Food Waste Index Report 2021},
  year         = {2021},
  institution  = {United Nations Environment Programme},
  url          = {https://www.unep.org/resources/report/unep-food-waste-index-report-2021}
}

@book{fao2019,
  title     = {The State of Food and Agriculture: Moving Forward on Food Loss and Waste Reduction},
  publisher = {FAO},
  year      = {2019},
  address   = {Rome},
  url       = {https://www.fao.org/3/ca6030en/ca6030en.pdf}
}

@book{fao2013,
  title     = {Food Wastage Footprint: Impacts on Natural Resources},
  publisher = {FAO},
  year      = {2013},
  address   = {Rome},
  url       = {https://www.fao.org/3/i3347e/i3347e.pdf}
}

@article{kummu2012,
  author  = {Kummu, Mika and de Moel, Hans and Porkka, Miina and Siebert, Stefan and Varis, Olli and Ward, Philip J.},
  title   = {Lost Food, Wasted Resources: Global Food Supply Chain Losses and their Impacts on Freshwater, Cropland, and Fertiliser Use},
  journal = {Science of the Total Environment},
  volume  = {438},
  pages   = {477--489},
  year    = {2012},
  doi     = {10.1016/j.scitotenv.2012.08.092}
}

@misc{tiscornia2022,
  author       = {Tiscornia, Guillermina and Beltrame, Ariel},
  title        = {La pérdida y el desperdicio de alimentos en la Argentina: una problemática que interpela},
  year         = {2022},
  institution  = {CONICET},
  url          = {https://ri.conicet.gov.ar/handle/11336/209451}
}

@book{box2015,
  author    = {Box, George E. P. and Jenkins, Gwilym M. and Reinsel, Gregory C. and Ljung, Greta M.},
  title     = {Time Series Analysis: Forecasting and Control},
  edition   = {5},
  publisher = {Wiley},
  year      = {2015}
}

@article{hewamalage2021_rnn,
  author  = {Hewamalage, Hansika and Bergmeir, Christoph and Bandara, Kasun},
  title   = {Recurrent Neural Networks for Time Series Forecasting: Current Status and Future Directions},
  journal = {International Journal of Forecasting},
  volume  = {37},
  number  = {1},
  pages   = {388--427},
  year    = {2021},
  doi     = {10.1016/j.ijforecast.2020.06.008}
}

@misc{hyndman2018,
  author       = {Hyndman, Rob J. and Athanasopoulos, George},
  title        = {Forecasting: Principles and Practice (2\textsuperscript{nd} ed.)},
  year         = {2018},
  howpublished = {\url{https://otexts.com/fpp2/}}
}

@inproceedings{li2019,
  author    = {Li, Shu and Jin, Xiaoyang and Xuan, Yue and Zhou, Xing and Chen, Wen and Wang, Yuguang X. and Yan, Xin},
  title     = {Enhancing the Locality and Breaking the Memory Bottleneck of Transformer on Time Series Forecasting},
  booktitle = {Advances in Neural Information Processing Systems},
  volume    = {32},
  year      = {2019},
  url       = {https://proceedings.neurips.cc/paper_files/paper/2019/hash/6775a0635c302542da2c6dbe55c4219f-Abstract.html}
}

@article{taylor2018,
  author  = {Taylor, Sean J. and Letham, Benjamin},
  title   = {Forecasting at Scale},
  journal = {The American Statistician},
  volume  = {72},
  number  = {1},
  pages   = {37--45},
  year    = {2018},
  doi     = {10.1080/00031305.2017.1380080}
}

@inproceedings{baek2019,
  author    = {Baek, Jongchan and Lee, Byungseok and Han, Dongyoon and Yun, Seungjun and Lee, Hyeonwoo},
  title     = {Character Region Awareness for Text Detection},
  booktitle = {Proceedings of the IEEE/CVF Conference on Computer Vision and Pattern Recognition},
  pages     = {9365--9374},
  year      = {2019},
  doi       = {10.1109/CVPR.2019.00959}
}

@inproceedings{khandelwal2020,
  author    = {Khandelwal, Shubham and Mishra, Ankush and Jawahar, C. V.},
  title     = {U-DOC: Unsupervised Document OCR Correction},
  booktitle = {Proceedings of the 16th International Conference on Document Analysis and Recognition (ICDAR)},
  volume    = {1},
  pages     = {1055--1060},
  year      = {2020},
  doi       = {10.1109/ICDAR50938.2020.00169}
}

@misc{li2021,
  author       = {Li, Ming and Wang, Zhe and Yan, Kai and Wang, Yi},
  title        = {TroCR: Transformer-based Optical Character Recognition with Pre-trained Models},
  year         = {2021},
  howpublished = {\url{https://arxiv.org/abs/2109.10282}}
}

@inproceedings{smith2007,
  author    = {Smith, Ray},
  title     = {An Overview of the Tesseract OCR Engine},
  booktitle = {Proceedings of the Ninth International Conference on Document Analysis and Recognition (ICDAR)},
  volume    = {2},
  pages     = {629--633},
  year      = {2007},
  doi       = {10.1109/ICDAR.2007.4376991}
}

@article{chai2014,
  author  = {Chai, Tianfeng and Draxler, Roland R.},
  title   = {Root Mean Square Error (RMSE) or Mean Absolute Error (MAE)? – Arguments Against Avoiding RMSE in the Literature},
  journal = {Geoscientific Model Development},
  volume  = {7},
  number  = {3},
  pages   = {1247--1250},
  year    = {2014},
  doi     = {10.5194/gmd-7-1247-2014}
}

@article{myttenaere2016,
  author  = {de Myttenaere, Adrien and Golden, Brian and Le Grand, Bénédicte and Rossi, Fabrice},
  title   = {Mean Absolute Percentage Error for Regression Models},
  journal = {Neurocomputing},
  volume  = {192},
  pages   = {38--48},
  year    = {2016},
  doi     = {10.1016/j.neucom.2015.12.114}
}

@article{willmott2005,
  author  = {Willmott, Cort J. and Matsuura, Kenji},
  title   = {Advantages of the Mean Absolute Error (MAE) over the Root Mean Square Error (RMSE) in Assessing Average Model Performance},
  journal = {Climate Research},
  volume  = {30},
  number  = {1},
  pages   = {79--82},
  year    = {2005},
  doi     = {10.3354/cr030079}
}

@article{carbonneau2008,
  author  = {Carbonneau, Roger and Laframboise, Karl and Vahidov, Ruslan},
  title   = {Application of Machine Learning Techniques for Supply Chain Demand Forecasting},
  journal = {European Journal of Operational Research},
  volume  = {184},
  number  = {3},
  pages   = {1140--1154},
  year    = {2008},
  doi     = {10.1016/j.ejor.2006.12.004}
}

@book{mitchell1997,
  author    = {Mitchell, Tom M.},
  title     = {Machine Learning},
  publisher = {McGraw-Hill},
  year      = {1997}
}

@book{sutton2018,
  author    = {Sutton, Richard S. and Barto, Andrew G.},
  title     = {Reinforcement Learning: An Introduction},
  edition   = {2},
  publisher = {MIT Press},
  year      = {2018}
}
